--- COMMENTS may be placed outside the @ENTRYTYPE{ ... } stuctures
--- CMS guidelines
---- Every journal article citation should include the DOI, assuming one exists.
---- All URLs for CMS notes, ANs, etc, should refer to the CDS server, not the CMS server. Use our standard format for them, as shown below.
----  CMS Notes not available on CDS are regarded as private and may not be cited.
----  CMS physics papers (i.e., those intended for publication in journals) may reference only POG PASs, not PAG PASs.
---- For papers by collaborations, list the collaboration in the COLLABOROATION field and put the first author and "and others" in the AUTHOR field.
----  If only the collaboration is listed as the author, put "{XXX Collaboration}" under AUTHOR.
----  Note that we automatically replace the AUTHOR field with the collaboration name for ATLAS, CMS, LHCb, and ATLAS at submission time. Please don't remove the
----  "First Author and others" in the AUTHOR field.
---- Other items:
----   PAGES: Please only list the first page, not the range.
----   ISSUE: Please do not include in most cases.
----   URL: Do not include this field if a DOI is available.
---- Number of authors to list:
----   PRL requests that we include all authors up to fifteen except for large collaborations, and we take this as our internal guide as well. If there
----   are more than fifteen, just list the first author + "and others", as above.
----   The individual journal bib style file (theirs, ours, PLB, etc.) will truncate at the appropriate point. We have ours set to _1_ for more than four.
---- Use only the URL field instead of embedding an href.
---- A reference only published on the arXiv should be listed as UNPUBLISHED (with a note "Submitted to XXX" for large collaboration papers).
----   Experimental papers only on the arXiv and not submitted for publication may not be cited.
---- Some journals will lowercase the title: use {} to protect words which must be capitalized, e.g., {LHC}, {TeV}, {CERN}, {CMS}.
----  Do not escape the entire title as it will then clash with the journal style.
---- Journal names: the journals generally include the series in the journal name, "Physical Review D", vol 5, rather than PR D5
---- >>> Please use the --preview option with the tdr script to perform a simple-minded reference check before uploading.
%
%
%    Many commonly cited papers are available under svn+ssh://svn.cern.ch/reps/tdr/utils/branches/dev/general/gen.bib and utils/trunk/higgs.bin.

%
% Notes hosted only on CDS are listed as TECHREPORTs.
%

@article{Czakon:2011xx,
      author         = "Czakon, Michal and Mitov, Alexander",
      title          = "Top++: A program for the calculation of the top pair cross-section at hadron colliders",
      journal        = "Comput. Phys. Commun.",
      volume         = "185",
      year           = "2014",
      pages          = "2930",
      doi            = "10.1016/j.cpc.2014.06.021",
      eprint         = "1112.5675",
      archivePrefix  = "arXiv",
      primaryClass   = "hep-ph",
      reportNumber   = "CERN-PH-TH-2011-303, TTK-11-58",
      SLACcitation   = "%%CITATION = ARXIV:1112.5675;%%"
}

@article{Melnikov:2006di,
      author         = "Melnikov, Kirill and Petriello, Frank",
      title          = "The $W$ boson production cross section at the LHC through $O(\alpha^2_s)$",
      journal        = "Phys. Rev. Lett.",
      volume         = "96",
      year           = "2006",
      pages          = "231803",
      doi            = "10.1103/PhysRevLett.96.231803",
      eprint         = "hep-ph/0603182",
      archivePrefix  = "arXiv",
      primaryClass   = "hep-ph",
      reportNumber   = "FERMILAB-PUB-06-059-T, UH-511-1083-06, MADPH-06-1256",
      SLACcitation   = "%%CITATION = HEP-PH/0603182;%%"
}
@article{Melnikov:2006kv,
      author         = "Melnikov, Kirill and Petriello, Frank",
      title          = "Electroweak gauge boson production at hadron colliders through $O(\alpha^2_s)$",
      journal        = "Phys. Rev. D",
      volume         = "74",
      year           = "2006",
      pages          = "114017",
      doi            = "10.1103/PhysRevD.74.114017",
      eprint         = "hep-ph/0609070",
      archivePrefix  = "arXiv",
      primaryClass   = "hep-ph",
      reportNumber   = "UH-511-1092-06",
      SLACcitation   = "%%CITATION = HEP-PH/0609070;%%"
}


@TECHREPORT{CMS_NOTE_2006-106,
     AUTHOR       = "Aldaya, M. and Arce, P. and Caballero, J. and de la Cruz, B. and Garcia-Abia, P. and Hernandez, J. M. and Josa, M. I. and Ruiz, E.",
     TITLE        = "Discovery potential and search strategy for the Standard Model {H}iggs boson in the {$H\to ZZ^\star\to 4\mu$} decay channel using a mass-independent analysis",
     TYPE      = "CMS Note",
     NUMBER       = "2006/106",
     URL          = "http://cdsweb.cern.ch/record/962058",
     YEAR         = "2006"}
%
% standard article
%
@Article{Brandt:1997gi,
     author    = "Brandt, A. and others",
 collaboration = "UA8",
     title     = "Measurements of single diffraction at $\sqrt{s} =$ 630\GeV: Evidence for a nonlinear $\alpha(t)$ of the pomeron",
     journal   = "Nucl. Phys. B",
     volume    = "514",
     year      = "1998",
     pages     = "3",
     SLACcitation  = "%%CITATION = HEP-EX 9710004;%%",
     doi       = "10.1016/S0550-3213(97)00813-4"
}
@ARTICLE{Buchmuller:1986zs,
     AUTHOR       = "Buchm{\"u}ller, W. and Wyler, D.",
     TITLE        = "Constraints on SU(5)-type leptoquarks",
     JOURNAL      = "Phys. Lett. B",
     VOLUME       = "177",
     YEAR         = "1986",
     pages        = "377",
     SLACcitation  = "%%CITATION = PHLTA,B191,442;%%",
     doi          = "10.1016/0370-2693(86)90771-9"}
@Article{PTDR2,
     author    = "{CMS Collaboration}",
     title     = "CMS technical design report, volumeII: Physics performance",
     journal   = "J. Phys. G",
     volume    = "34",
     year      = "2007",
     pages     = "995",
     doi       = "10.1088/0954-3899/34/6/S01",
     SLACcitation  = "%%CITATION = JPHGB,G34,995;%%"
}
% PAS are now TECHREPORTS. Same for Notes. A formatted list of PASs is located in [svn]/utils/branches/dev/general/pasBib-tech.bib
@TECHREPORT{CMS-PAS-JME-10-003,
      AUTHOR      = "{CMS Collaboration}",
      COLLABORATION = {CMS},
      TITLE       = "Jet Performance in pp Collisions at $\sqrt{s}$ = 7\TeV",
      URL         = "http://cdsweb.cern.ch/record/1279362",
      TYPE     = "CMS Physics Analysis Summary",
      NUMBER      = "CMS-PAS-JME-10-003",
      YEAR        = "2010"
}
%SPIRES had this one as R. Adolphi, et. al. Wrong. Now corrected in InspireHEP.
@Article{Chatrchyan:2008zzk,
     author    = "Chatrchyan, S. and others",
     collaboration = "CMS",
     title     = "The CMS experiment at the CERN LHC",
     journal   = "JINST",
     volume    = "3",
     year      = "2008",
     pages     = "S08004",
     doi       = "10.1088/1748-0221/3/08/S08004",
     SLACcitation  = "%%CITATION = JINST,3,S08004;%%"
}


@article{TAUPOG,
     title         = "Tau ID", 
     author        = "\mbox{Tau POG}",
     note          = "https://twiki.cern.ch/twiki/bin/viewauth/CMS/TauIDRecommendation"}




@article{Chatrchyan:2012xi,
      author         = "Chatrchyan, Serguei and others",
      title          = "Performance of CMS muon reconstruction in pp collision events at $\sqrt{s}$ = 7\TeV",
      collaboration  = "CMS",
      journal        = "JINST",
      volume         = "7",
      pages          = "P10002",
      doi            = "10.1088/1748-0221/7/10/P10002",
      year           = "2012",
      eprint         = "1206.4071",
      archivePrefix  = "arXiv",
      primaryClass   = "physics.ins-det",
      reportNumber   = "CMS-MUO-10-004, CERN-PH-EP-2012-173",
      SLACcitation   = "%%CITATION = ARXIV:1206.4071;%%",
}

@article{Chatrchyan:2013dga,
      author         = "Chatrchyan, Serguei and others",
      title          = "Energy calibration and resolution of the CMS electromagnetic calorimeter in pp collisions at $\sqrt{s}$ = 7\TeV",
      collaboration  = "CMS",
      year           = "2013",
      journal        = "JINST",
      volume         = "8",
      pages          = "P09009",
      eprint         = "1306.2016",
      doi            =  "10.1088/1748-0221/8/09/P09009",
      archivePrefix  = "arXiv",
      primaryClass   = "hep-ex",
      reportNumber   = "CMS-EGM-11-001, CERN-PH-EP-2013-097",
      SLACcitation   = "%%CITATION = ARXIV:1306.2016;%%",
}

@article{Chatrchyan:2011nv,
      author         = "Chatrchyan, Serguei and others",
      title          = "Measurement of the inclusive $\cPZ$ cross section via decays to tau pairs in pp collisions at $\sqrt{s}$ = 7\TeV",
      collaboration  = "CMS",
      journal        = "JHEP",
      volume         = "08",
      pages          = "117",
      doi            = "10.1007/JHEP08(2011)117",
      year           = "2011",
      eprint         = "1104.1617",
      archivePrefix  = "arXiv",
      primaryClass   = "hep-ex",
      reportNumber   = "CERN-EP-PH-2011-035, CMS-EWK-10-013",
      SLACcitation   = "%%CITATION = ARXIV:1104.1617;%%",
}

@article{Cacciari:2011ma,
      author         = "Cacciari, Matteo and Salam, Gavin P. and Soyez, Gregory",
      title          = "FastJet User Manual",
      journal        = "Eur. Phys. J. C",
      volume         = "72",
      pages          = "1896",
      doi            = "10.1140/epjc/s10052-012-1896-2",
      year           = "2012",
      eprint         = "1111.6097",
      archivePrefix  = "arXiv",
      primaryClass   = "hep-ph",
      reportNumber   = "CERN-PH-TH-2011-297",
      SLACcitation   = "%%CITATION = ARXIV:1111.6097;%%",
}

% CMS RECO: TAU
%%%%%%%%%%%%%%%%%%%%%%%
@article{Khachatryan:2015dfa,
      author         = "Khachatryan, Vardan and others",
      title          = "Reconstruction and identification of τ lepton decays to hadrons and ν$_τ$ at CMS",
      collaboration  = "CMS",
      journal        = "JINST",
      volume         = "11",
      year           = "2016",
      pages          = "P01019",
      doi            = "10.1088/1748-0221/11/01/P01019",
      eprint         = "1510.07488",
      archivePrefix  = "arXiv",
      primaryClass   = "physics.ins-det",
      reportNumber   = "CMS-TAU-14-001, CERN-PH-EP-2015-261",
      SLACcitation   = "%%CITATION = ARXIV:1510.07488;%%"
}


@article{Khachatryan:2014wca,
      author         = "Khachatryan, Vardan and others",
      title          = "Search for neutral MSSM Higgs bosons decaying to a pair of tau leptons in pp collisions",
      collaboration  = "CMS",
      journal        = "JHEP",
      volume         = "1410",
      pages          = "160",
      doi            = "10.1007/JHEP10(2014)160",
      year           = "2014",
      eprint         = "1408.3316",
      archivePrefix  = "arXiv",
      primaryClass   = "hep-ex",
      reportNumber   = "CMS-HIG-13-021, CERN-PH-EP-2014-192",
      SLACcitation   = "%%CITATION = ARXIV:1408.3316;%%",
}


@ARTICLE{2012JInst...7.1001C,
   author = "CMS Collaboration",
    title = "Performance of {$\tau$}-lepton reconstruction and identification in CMS",
  journal = {Journal of Instrumentation},
archivePrefix = "arXiv",
   eprint = {1109.6034},
 primaryClass = "physics.ins-det",
     year = 2012,
    month = jan,
   volume = 7,
    pages = {1001},
      doi = {10.1088/1748-0221/7/01/P01001},
   adsurl = {http://adsabs.harvard.edu/abs/2012JInst...7.1001C},
  adsnote = {Provided by the SAO/NASA Astrophysics Data System}
}


% An evergreen:
@article{Beringer:1900zz,
      author         = "Particle Data Group and Beringer, J. and others",
      title          = "Review of Particle Physics",
      journal        = "Phys. Rev. D",
      volume         = "86",
      pages          = "010001",
      doi            = "10.1103/PhysRevD.86.010001",
      year           = "2012",
      SLACcitation   = "%%CITATION = PHRVA,D86,010001;%%",
}
%
% An example of a document which only appears on arXiv. This one could alternatively be cited as a TECHREPORT using any of the various laboratory report numbers when hosted on a lab server:
% reportNumber   = "CERN-PH-EP-2010-095, FERMILAB-TM-2480-PPD, LEPEWWG-2010-01, TEVEWWG-2010-01, ALEPH-2010-001-PHYSICS-2010-001, CDF-NOTE-10338, D0-NOTE-6130, DELPHI-DELPHI-2010-001-PHYS-952, L3-NOTE-2837, OPAL-PR432, SLAC-PUB-14301",
%
@UNPUBLISHED{LEPewkfits,
     author = "{ALEPH, CDF, D0, DELPHI, L3, OPAL, SLD Collaborations,
                                    the LEP Electroweak Working Group, the Tevatron Electroweak Working Group, and the SLD Electroweak and Heavy Flavour Groups}",
     title     = "Precision electroweak measurements and constraints on
the {Standard Model}",
     URL       = "http://lepewwg.web.cern.ch/LEPEWWG",
     eprint    = "1012.2367",
     archivePrefix = "arXiv",
     primaryClass  =  "hep-ex",
     year  = "2010",
     SLACcitation  = "%%CITATION = 1012.2367;%%"
}
%
% A document hosted on a laboratory server
%
@TECHREPORT{Bertram:2000br,
  author = " Bertram, I. and Landsberg, G. and Linnemann, J. and Partridge, R. and Paterno, M. and Prosper, H. B.",
  title =  "A Recipe for the construction of confidence limits",
  number     = "{TM-2104}",
  url = "http://lss.fnal.gov/archive/test-tm/2000/fermilab-tm-2104.pdf",
  year = "2000"
 }
 %
 % A document included in Proceedings. PRL may want the ADDRESS field as well.
 %
@INPROCEEDINGS{RooStats,
  AUTHOR       = "Moneta, L. and Belasco, K. and  Cranmer, K. S. and Lazzaro, A. and Piparo, D. and Schott, G. and Verkerke, W. and Wolf, M. ",
  TITLE        = "The {R}oo{S}tats {P}roject",
  BOOKTITLE = "13$^\text{th}$ International Workshop on Advanced Computing and Analysis Techniques in Physics Research (ACAT2010)",
  YEAR         = "2010",
  PUBLISHER = "SISSA",
  NOTE = "{PoS(ACAT2010)057}",
  URL          = "http://pos.sissa.it/archive/conferences/093/057/ACAT2010_057.pdf",
  eprint = "1009.1003",
  primaryClass = "physics.data-an"
}
%
% CMS/ATLAS papers submitted but not yet accepted; The SLACcitation is not required. This is only for illustration, these are now published.
% Upon acceptance the note is modified and the DOI included (if available).
%
@Unpublished{Khachatryan:2010mp,
     author    = "{CMS Collaboration}",
     collaboration = "CMS",
     title     = "Search for Pair Production of First-Generation Scalar Leptoquarks in pp Collisions at $\sqrt{s} = 7$ {TeV}",
     note  = "Submitted to \textit{Phys. Rev. Lett.}",
     eprint    = "1012.4031",
     archivePrefix = "arXiv",
     primaryClass  =  "hep-ex",
     year = "2010",
     SLACcitation  = "%%CITATION = 1012.4031;%%"
}
@Unpublished{CMS-PAPER-MUO-10-004,
     author    = "{CMS Collaboration}",
     collaboration = "CMS",
     title     = "Performance of CMS muon reconstruction in pp collision events at $\sqrt{s} = 7$\TeV",
     note  = "Submitted to \textit{J. Inst.}",
     eprint    = "1206.4071",
     archivePrefix = "arXiv",
     primaryClass  =  "physics.ins-det",
     year = "2012",
}

@Article{Sjostrand:2006za,
      author         = "Sj{\"o}strand, Torbj{\"o}rn and Mrenna, Stephen and Skands, Peter",
      title          = "{PYTHIA} 6.4 physics and manual",
      journal        = "JHEP",
      volume         = "05",
      pages          = "026",
      doi            = "10.1088/1126-6708/2006/05/026",
      year           = "2006",
      eprint         = "hep-ph/0603175",
      archivePrefix  = "arXiv",
      primaryClass   = "hep-ph",
      reportNumber   = "FERMILAB-PUB-06-052-CD-T, LU-TP-06-13",
      SLACcitation   = "%%CITATION = HEP-PH/0603175;%%",
}
@INCOLLECTION{nu2,
    author        = "Giunti, C. and Laveder, M.",
    title         = "Neutrino mixing",
    booktitle     = "Developments in Quantum Physics",
    editor        = "Columbus, F. and Krasnoholovets, V.",
    publisher     = "Nova Science Publishers, Inc.",
    eprint        = "hep-ph/0310238",
    archivePrefix = "arXiv",
    primaryClass  = "hep-ph",
    year          = "2004",
    isbn          = "1-59454-003-9"
}
@UNPUBLISHED{eIDs,
  title = {Egamma Cut-Based Identification},
  note = {\url{https://twiki.cern.ch/twiki/bin/view/CMS/EgammaCutBasedIdentification#Electron_ID_Working_Points}}
}

@UNPUBLISHED{LPape,
  title = {Private Communication},
note = {luc.pape@cern.ch}
}


@ARTICLE{1988NuPhB.306...63B,
   author = {{Barbieri}, R. and {Giudice}, G.~F.},
    title = "{Upper bounds on supersymmetric particle masses}",
  journal = {Nucl. Phys. B},
     year = 1988,
    month = aug,
   volume = 306,
    pages = 63,
      doi = {10.1016/0550-3213(88)90171-X},
   adsurl = {http://adsabs.harvard.edu/abs/1988NuPhB.306...63B},
  adsnote = {Provided by the SAO/NASA Astrophysics Data System}
}



@article{deCarlos:1993yy,
      author         = "de Carlos, B. and Casas, J.A.",
      title          = "{One loop analysis of the electroweak breaking in
                        supersymmetric models and the fine tuning problem}",
      journal        = "Phys. Lett.",
      volume         = "B 309",
      pages          = "320",
      doi            = "10.1016/0370-2693(93)90940-J",
      year           = "1993",
      eprint         = "hep-ph/9303291",
      archivePrefix  = "arXiv",
      primaryClass   = "hep-ph",
      reportNumber   = "CERN-TH-6835-93, IEM-FT-70-93",
      SLACcitation   = "%%CITATION = HEP-PH/9303291;%%",
}

@article{Barr:2009wu,
      author         = "Barr, Alan J. and Gwenlan, Claire",
      title          = "The race for supersymmetry: Using \mttwo for discovery",
      journal        = "Phys. Rev. D",
      volume         = "80",
      pages          = "074007",
      doi            = "10.1103/PhysRevD.80.074007",
      year           = "2009",
      eprint         = "0907.2713",
      archivePrefix  = "arXiv",
      primaryClass   = "hep-ph",
      SLACcitation   = "%%CITATION = ARXIV:0907.2713;%%",
}

@article{Chatrchyan:2012jx,
      author         = "Chatrchyan, Serguei and others",
      title          = "Search for supersymmetry in hadronic final states using \mttwo in pp collisions at $\sqrt{s}$ = 7\TeV",
      collaboration  = "CMS",
      journal        = "JHEP",
      volume         = "1210",
      pages          = "018",
      doi            = "10.1007/JHEP10(2012)018",
      year           = "2012",
      eprint         = "1207.1798",
      archivePrefix  = "arXiv",
      primaryClass   = "hep-ex",
      reportNumber   = "CMS-SUS-12-002, CERN-PH-EP-2012-058, CERN-PH-EP-2012-186",
      SLACcitation   = "%%CITATION = ARXIV:1207.1798;%%",
}
% CMS RECO: MET
%%%%%%%%%%%%%%%%%%%%%%%


@TECHREPORT{CMS-JME-12-002,
      COLLABORATION = "CMS",
      TITLE       = "Performance of Missing Transverse Momentum Reconstruction Algorithms
       in Proton-Proton Collisions at $\sqrt{s}=8$ {TeV} with the {CMS} Detector",
      AUTHOR      = "{CMS Collaboration}",
      URL         = "http://cdsweb.cern.ch/record/1543527",
      TYPE        = "CMS Physics Analysis Summary",
      NUMBER      = "CMS-PAS-JME-12-002",
      YEAR        = "2012"
}

 

@article{Khachatryan:2015hwa,
      author         = "Khachatryan, Vardan and others",
      title          = "Performance of electron reconstruction and selection with the CMS detector in proton-proton collisions at $\sqrt{s}$ = 8\TeV",
      collaboration  = "CMS",
      journal        = "JINST",
      volume         = "10",
      year           = "2015",
      pages          = "P06005",
      doi            = "10.1088/1748-0221/10/06/P06005",
      eprint         = "1502.02701",
      archivePrefix  = "arXiv",
      primaryClass   = "physics.ins-det",
      reportNumber   = "CMS-EGM-13-001, CERN-PH-EP-2015-004",
      SLACcitation   = "%%CITATION = ARXIV:1502.02701;%%"
}







@TECHREPORT{CMS-PAS-PFT-09-001,
      COLLABORATION = "CMS",
      TITLE       = "Particle-Flow event reconstruction in CMS and performance for jets, taus, and MET",
      AUTHOR      = "CMS",
      URL         = "http://cdsweb.cern.ch/record/1194487",
      TYPE        = "CMS Physics Analysis Summary",
      NUMBER      = "CMS-PAS-PFT-09-001",
      YEAR        = "2009"
}

@TECHREPORT{CMS-PAS-LUM-13-001,
      COLLABORATION = "CMS",
      TITLE       = "CMS luminosity based on pixel cluster counting-summer 2013 update",
      AUTHOR      = "CMS",
      URL         = "http://cdsweb.cern.ch/record/1598864",
      TYPE        = "CMS Physics Analysis Summary",
      NUMBER      = "CMS-PAS-LUM-13-001",
      YEAR        = "2013"
}




@TECHREPORT{CMS-PAS-PFT-10-001,
      COLLABORATION = "CMS",
      TITLE       = "Commissioning of the Particle-flow event reconstruction with the first LHC collisions recorded in the CMS detector",
      AUTHOR      = "CMS",
      URL         = "http://cdsweb.cern.ch/record/1247373",
      TYPE        = "CMS Physics Analysis Summary",
      NUMBER      = "CMS-PAS-PFT-10-001",
      YEAR        = "2010"
}


@TECHREPORT{cutandcountAN,
          AUTHOR       = "The SUSY Working Group for Hadronic Stops",
     TITLE        = "Search for Direct Scalar Top-quark Pair Production in the
All-hadronic Channel at 8 TeV using a Top-quark tagger",
      NOTE = "CERN",
     TYPE      = "CMS Analysis Note",
     NUMBER       = "2012/490",
     YEAR         = "2012"}





@TECHREPORT{CMS_NOTE_2006-106,
     AUTHOR       = "Aldaya, M. and Arce, P. and Caballero, J. and de la Cruz, B. and Garcia-Abia, P. and Hernandez, J. M. and Josa, M. I. and Ruiz, E.",
     TITLE        = "Discovery potential and search strategy for the Standard Model {H}iggs boson in the {$H\to ZZ^\star\to 4\mu$} decay channel using a mass-independent analysis",
     TYPE      = "CMS Note",
     NUMBER       = "2006/106",
     URL          = "http://cdsweb.cern.ch/record/962058",
     YEAR         = "2006"}
%
% standard article
%
@unpublished{Martin:1997ns,
      author         = "Martin, Stephen P.",
      title          = "A supersymmetry primer",
      year           = "1997",
      eprint         = "hep-ph/9709356",
      archivePrefix  = "arXiv",
      primaryClass   = "hep-ph",
      SLACcitation   = "%%CITATION = HEP-PH/9709356;%%",
}


@Article{Brandt:1997gi,
     author    = "Brandt, A. and others",
 collaboration = "UA8",
     title     = "Measurements of single diffraction at $\sqrt{s} =$ 630\GeV: Evidence for  a nonlinear $\alpha(t)$ of the pomeron",
     journal   = "Nucl. Phys. B",
     volume    = "514",
     year      = "1998",
     pages     = "3",
     SLACcitation  = "%%CITATION = HEP-EX 9710004;%%",
     doi       = "10.1016/S0550-3213(97)00813-4"
}
@ARTICLE{Buchmuller:1986zs,
     AUTHOR       = "Buchm{\"u}ller, W. and Wyler, D.",
     TITLE        = "Constraints on SU(5)--type leptoquarks",
     JOURNAL      = "Phys. Lett. B",
     VOLUME       = "177",
     YEAR         = "1986",
     pages        = "377",
     SLACcitation  = "%%CITATION = PHLTA,B191,442;%%",
     doi          = "10.1016/0370-2693(86)90771-9"}
@Article{PTDR2,
     author    = "CMS Collaboration",
     title     = "CMS technical design report, volumeII: Physics performance",
     journal   = "J. Phys. G",
     volume    = "34",
     year      = "2007",
     pages     = "995",
     doi       = "10.1088/0954-3899/34/6/S01",
     SLACcitation  = "%%CITATION = JPHGB,G34,995;%%"
}

%
% An example of a document which only appears on arXiv. This one could alternatively be cited as a TECHREPORT using any of the various laboratory report numbers when hosted on a lab server:
% reportNumber   = "CERN-PH-EP-2010-095, FERMILAB-TM-2480-PPD, LEPEWWG-2010-01, TEVEWWG-2010-01, ALEPH-2010-001-PHYSICS-2010-001, CDF-NOTE-10338, D0-NOTE-6130, DELPHI-DELPHI-2010-001-PHYS-952, L3-NOTE-2837, OPAL-PR432, SLAC-PUB-14301",
%
@UNPUBLISHED{LEPewkfits,
     author = "{ALEPH, CDF, D0, DELPHI, L3, OPAL, SLD Collaborations,
                                    the LEP Electroweak Working Group, the Tevatron Electroweak Working Group, and the SLD Electroweak and Heavy Flavour Groups}",
     title     = "Precision electroweak measurements and constraints on
the {Standard Model}",
     URL       = "http://lepewwg.web.cern.ch/LEPEWWG",
     eprint    = "1012.2367",
     archivePrefix = "arXiv",
     primaryClass  =  "hep-ex",
     year  = "2010",
     SLACcitation  = "%%CITATION = 1012.2367;%%"
}
%
% A document hosted on a laboratory server
%
@TECHREPORT{Bertram:2000br,
  author = " Bertram, I. and Landsberg, G. and Linnemann, J. and Partridge, R. and Paterno, M. and Prosper, H. B.",
  title =  "A Recipe for the construction of confidence limits",
  number     = "{TM-2104}",
  url = "http://lss.fnal.gov/archive/test-tm/2000/fermilab-tm-2104.pdf",
  year = "2000"
 }
 %
 % A document included in Proceedings. PRL may want the ADDRESS field as well.
 %
@INPROCEEDINGS{RooStats,
  AUTHOR       = "Moneta, L. and Belasco, K. and  Cranmer, K. S. and Lazzaro, A. and Piparo, D. and Schott, G. and Verkerke, W. and Wolf, M. ",
  TITLE        = "The {R}oo{S}tats {P}roject",
  BOOKTITLE = "13$^\text{th}$ International Workshop on Advanced Computing and Analysis Techniques in Physics Research (ACAT2010)",
  YEAR         = "2010",
  PUBLISHER = "SISSA",
  NOTE = "{PoS(ACAT2010)057}",
  URL          = "http://pos.sissa.it/archive/conferences/093/057/ACAT2010_057.pdf",
  eprint = "1009.1003",
  primaryClass = "physics.data-an"
}
%
% CMS/ATLAS papers submitted but not yet accepted; The SLACcitation is not required. This is only for illustration, these are now published.
% Upon acceptance the note is modified and the DOI included (if available).
%
@Unpublished{Khachatryan:2010mp,
     author    = "CMS Collaboration",
     collaboration = "CMS",
     title     = "Search for pair production of first generation scalar Leptoquarks in pp collisions at $\sqrt{s}$ = 7\TeV",
     note  = "Submitted to \textit{Phys. Rev. Lett.}",
     eprint    = "1012.4031",
     archivePrefix = "arXiv",
     primaryClass  =  "hep-ex",
     year = "2010",
     SLACcitation  = "%%CITATION = 1012.4031;%%"
}
@Unpublished{CMS-PAPER-MUO-10-004,
     author    = "{CMS Collaboration}",
     collaboration = "CMS",
     title     = "Performance of CMS muon reconstruction in pp collision events at $\sqrt{s} = 7$\TeV",
     note  = "Submitted to \textit{J. Inst.}",
     eprint    = "1206.4071",
     archivePrefix = "arXiv",
     primaryClass  =  "physics.ins-det",
     year = "2012",
}
@Unpublished{ATLAS:2011aa,
        Archiveprefix = {arXiv},
        Author = {{ATLAS Collaboration}},
        Collaboration = {ATLAS},
        Eprint = {1112.2577},
        Note = {Submitted to \textit{Phys. Rev. Lett.}},
        Primaryclass = {hep-ex},
        Slaccitation = {%%CITATION = 1112.2577;%%},
        Title = {Search for the {H}iggs boson in the {$H\to$WW(*)$\to \ell^+ \nu \ell^- \bar{\nu}$} decay channel in pp collisions at $\sqrt{s}$ = 7 {TeV} with the {ATLAS} detector},
        Year = {2011}}
% Misc
@Article{Cacciari:2008gp,
     AUTHOR    = "Cacciari, Matteo and Salam, Gavin P. and Soyez, Gregory",
     TITLE     = "The anti-$k_t$ jet clustering algorithm",
     JOURNAL   = "JHEP",
     VOLUME    = "04",
     YEAR      = "2008",
     PAGES     = "063",
     doi       = "10.1088/1126-6708/2008/04/063",
     eprint         = "0802.1189",
     archivePrefix  = "arXiv",
     primaryClass   = "hep-ex",
}

@article{Banner:1983jy,
      author         = "Banner, M. and others",
      title          = "Observation of single isolated electrons of high transverse momentum in events with missing transverse energy at the CERN anti-p p collider",
      collaboration  = "UA2",
      journal        = "Phys. Lett. B",
      volume         = "122",
      pages          = "476",
      doi            = "10.1016/0370-2693(83)91605-2",
      year           = "1983",
      reportNumber   = "CERN-EP-83-25",
      SLACcitation   = "%%CITATION = PHLTA,B122,476;%%",
}
@article{Abazov:2002bu,
      author         = "Abazov, V.M. and others",
      title          = "Improved $W$ boson mass measurement with the D0 detector",
      collaboration  = "D0",
      journal        = "Phys. Rev. D",
      volume         = "66",
      pages          = "012001",
      doi            = "10.1103/PhysRevD.66.012001",
      year           = "2002",
      eprint         = "hep-ex/0204014",
      archivePrefix  = "arXiv",
      primaryClass   = "hep-ex",
      reportNumber   = "FERMILAB-PUB-02-055-E",
      SLACcitation   = "%%CITATION = HEP-EX/0204014;%%",
}

@article{Affolder:2000bpa,
      author         = "Affolder, T. and others",
      title          = "Measurement of the $W$ boson mass with the collider detector at Fermilab",
      collaboration  = "CDF",
      journal        = "Phys. Rev. D",
      volume         = "64",
      pages          = "052001",
      doi            = "10.1103/PhysRevD.64.052001",
      year           = "2001",
      eprint         = "hep-ex/0007044",
      archivePrefix  = "arXiv",
      primaryClass   = "hep-ex",
      reportNumber   = "FERMILAB-PUB-00-158-E",
      SLACcitation   = "%%CITATION = HEP-EX/0007044;%%",
}

@article{Arnison:1983rp,
      author         = "Arnison, G. and others",
      title          = "Experimental observation of isolated large transverse energy electrons with associated missing energy at $\sqrt{s}$ = 540\GeV",
      collaboration  = "UA1",
      journal        = "Phys. Lett. B",
      volume         = "122",
      pages          = "103",
      doi            = "10.1016/0370-2693(83)91177-2",
      year           = "1983",
      reportNumber   = "CERN-EP-83-13",
      SLACcitation   = "%%CITATION = PHLTA,B122,103;%%",
}
@article{Barr:2003rg,
      author         = "Barr, Alan and Lester, Christopher and Stephens, P.",
      title          = "\mttwo: The truth behind the glamour",
      journal        = "J. Phys. G",
      volume         = "29",
      pages          = "2343",
      doi            = "10.1088/0954-3899/29/10/304",
      year           = "2003",
      eprint         = "hep-ph/0304226",
      archivePrefix  = "arXiv",
      primaryClass   = "hep-ph",
      reportNumber   = "CAVENDISH-HEP-2002-02-14",
      SLACcitation   = "%%CITATION = HEP-PH/0304226;%%",
}
@article{Lester:1999tx,
      author         = "Lester, C.G. and Summers, D.J.",
      title          = "Measuring masses of semiinvisibly decaying particles pair produced at hadron colliders",
      journal        = "Phys. Lett. B",
      volume         = "463",
      pages          = "99",
      doi            = "10.1016/S0370-2693(99)00945-4",
      year           = "1999",
      eprint         = "hep-ph/9906349",
      archivePrefix  = "arXiv",
      primaryClass   = "hep-ph",
      reportNumber   = "CAVENDISH-HEP-99-07",
      SLACcitation   = "%%CITATION = HEP-PH/9906349;%%",
}
@article{Cho:2007dh,
      author         = "Cho, Won Sang and Choi, Kiwoon and Kim, Yeong Gyun and
                        Park, Chan Beom",
      title          = "Measuring superparticle masses at hadron collider using the transverse mass kink",
      journal        = "JHEP",
      volume         = "0802",
      pages          = "035",
      doi            = "10.1088/1126-6708/2008/02/035",
      year           = "2008",
      eprint         = "0711.4526",
      archivePrefix  = "arXiv",
      primaryClass   = "hep-ph",
      SLACcitation   = "%%CITATION = ARXIV:0711.4526;%%",
}


@TECHREPORT{CMS-PAS-SUS-12-002,
      COLLABORATION = "CMS",
      TITLE       = "Search for supersymmetry in hadronic final states using {$M_{T2}$} with the {CMS} detector at $\sqrt{s}$ = 7 {TeV}",
      AUTHOR      = "{CMS Collaboration}",
      URL         = "http://cdsweb.cern.ch/record/1444892",
      TYPE        = "CMS Physics Analysis Summary",
      NUMBER      = "CMS-PAS-SUS-12-002",
      YEAR        = "2012"
}
@TECHREPORT{CMS-PAS-SUS-08-002,
      COLLABORATION = "CMS",
      TITLE       = "Data-Driven Estimation of the Invisible Z Background to the SUSY MET Plus Jets Search",
      AUTHOR      = "CMS Collaboration",
      TYPE        = "CMS Physics Analysis Summary",
      NUMBER      = "CMS-PAS-SUS-08-002",
      YEAR        = "2008"
}

@TECHREPORT{CMS-PAS-SUS-10-001,
      COLLABORATION = "CMS",
      TITLE       = "Performance of methods for Data-Driven background estimation in SUSY searches",
      AUTHOR      = "CMS Collaboration",
      TYPE        = "CMS Physics Analysis Summary",
      NUMBER      = "CMS-PAS-SUS-10-001",
      YEAR        = "2010"
}
 
@article{Khachatryan:2015vra,
      author         = "Khachatryan, Vardan and others",
      title          = "Searches for supersymmetry using the \mttwo variable in hadronic events produced in pp collisions at 8\TeV",
      collaboration  = "CMS",
      journal        = "JHEP",
      volume         = "05",
      year           = "2015",
      pages          = "078",
      doi            = "10.1007/JHEP05(2015)078",
      eprint         = "1502.04358",
      archivePrefix  = "arXiv",
      primaryClass   = "hep-ex",
      reportNumber   = "CMS-SUS-13-019, CERN-PH-EP-2015-017",
      SLACcitation   = "%%CITATION = ARXIV:1502.04358;%%"
}



@article{Chatrchyan:2013mys,
      author         = "Chatrchyan, Serguei and others",
      title          = "Search for supersymmetry in hadronic final states with missing transverse energy using the variables $\alpha_T$ and b-quark multiplicity in pp collisions at $\sqrt{s}$ = 8\TeV",
      collaboration  = "CMS",
      journal        = "Eur. Phys. J. C",
      volume         = "73",
      year           = "2013",
      pages          = "2568",
      doi            = "10.1140/epjc/s10052-013-2568-6",
      eprint         = "1303.2985",
      archivePrefix  = "arXiv",
      primaryClass   = "hep-ex",
      reportNumber   = "CMS-SUS-12-028, CERN-PH-EP-2013-037",
      SLACcitation   = "%%CITATION = ARXIV:1303.2985;%%"
}



@article{Khachatryan:2014mma,
      author         = "Khachatryan, Vardan and others",
      title          = "Searches for electroweak neutralino and chargino production in channels with Higgs, Z, and W bosons in pp collisions at 8\TeV",
      collaboration  = "CMS",
      journal        = "Phys. Rev. D",
      volume         = "90",
      year           = "2014",
      pages          = "092007",
      doi            = "10.1103/PhysRevD.90.092007",
      eprint         = "1409.3168",
      archivePrefix  = "arXiv",
      primaryClass   = "hep-ex",
      reportNumber   = "CMS-SUS-14-002, CERN-PH-EP-2014-216",
      SLACcitation   = "%%CITATION = ARXIV:1409.3168;%%"
}



@TECHREPORT{CMS-BTV-AN-12-470,
      COLLABORATION = "CMS",
      TITLE       = "Combination of b-tagging efficiency measurements in 2012 data at 8 TeV pp collision",
      AUTHOR      = "{CMS Collaboration}",
      TYPE        = "CMS Physics Analysis Summary",
      NUMBER      = "CMS-BTV-AN-12-470",
      YEAR        = "2012"
}

@article{read:CLs,
      author         = "Read, Alexander L.",
      title          = "Presentation of search results: The CLs technique",
      booktitle      = "{Advanced Statistical Techniques in Particle Physics.
                        Proceedings, Conference, Durham, UK, March 18-22, 2002}",
      journal        = "J. Phys. G",
      volume         = "28",
      year           = "2002",
      pages          = "2693-2704",
      doi            = "10.1088/0954-3899/28/10/313",
      SLACcitation   = "%%CITATION = JPAGA,G28,2693;%%"
}

@UNPUBLISHED{higgspag:software,
	title = {The RooStats-based statistics tools for Higgs PAG},
	note = {\url{https://twiki.cern.ch/twiki/bin/viewauth/CMS/SWGuideHiggsAnalysisCombinedLimit}},
}

@article{cowan:asymptoticCLs,
      author         = "Glen Cowan, Kyle Cranmer, Eilam Gross and Ofer Vitells",
      title          = "Asymptotic formulae for likelihood-based tests of new physics",
      journal        = "Eur. Phys. J. C",
      volume         = "71:1554",
      year           = "2011",
}

@article{alves:sms,
      author         = "{D.Alves et al.}",
      title          = "Simplified models for LHC new physics searches",
      eprint         = "1105.2838",
      archivePrefix  = "arXiv",
      year           = "2011",
}





@TECHREPORT{CMS_NOTE_2006-106,
     AUTHOR       = "Aldaya, M. and Arce, P. and Caballero, J. and de la Cruz, B. and Garcia-Abia, P. and Hernandez, J. M. and Josa, M. I. and Ruiz, E.",
     TITLE        = "Discovery potential and search strategy for the Standard Model {H}iggs boson in the {$H\to ZZ^\star\to 4\mu$} decay channel using a mass-independent analysis",
     TYPE      = "CMS Note",
     NUMBER       = "2006/106",
     URL          = "http://cdsweb.cern.ch/record/962058",
     YEAR         = "2006"}
%
% standard article
%
@Article{Brandt:1997gi,
     author    = "Brandt, A. and others",
 collaboration = "UA8",
     title     = "Measurements of single diffraction at $\sqrt{s}$ = 630\GeV: Evidence for a nonlinear $\alpha(t)$ of the pomeron",
     journal   = "Nucl. Phys. B",
     volume    = "514",
     year      = "1998",
     pages     = "3",
     SLACcitation  = "%%CITATION = HEP-EX 9710004;%%",
     doi       = "10.1016/S0550-3213(97)00813-4"
}
@ARTICLE{Buchmuller:1986zs,
     AUTHOR       = "Buchm{\"u}ller, W. and Wyler, D.",
     TITLE        = "Constraints on SU(5)-type leptoquarks",
     JOURNAL      = "Phys. Lett. B",
     VOLUME       = "177",
     YEAR         = "1986",
     pages        = "377",
     SLACcitation  = "%%CITATION = PHLTA,B191,442;%%",
     doi          = "10.1016/0370-2693(86)90771-9"}
@Article{PTDR2,
     author    = "{CMS Collaboration}",
     title     = "{CMS} technical design report, volume {II}: {Physics}
                  performance",
     journal   = "J. Phys. G",
     volume    = "34",
     year      = "2007",
     pages     = "995",
     doi       = "10.1088/0954-3899/34/6/S01",
     SLACcitation  = "%%CITATION = JPHGB,G34,995;%%"
}
% An evergreen:
@article{Beringer:1900zz,
      author         = "{Particle Data Group} and Beringer, J. and others",
      title          = "{Review of Particle Physics}",
      journal        = "Phys. Rev. D",
      volume         = "86",
      pages          = "010001",
      doi            = "10.1103/PhysRevD.86.010001",
      year           = "2012",
      SLACcitation   = "%%CITATION = PHRVA,D86,010001;%%",
}

 
@Article{Hocker:2007ht, 
     author	=	 "Hoecker, Andreas and Speckmayer, Peter and Stelzer, Joerg and Therhaag, Jan and von Toerne, Eckhard and Voss, Helge",
     title	 = 	 "{TMVA: Toolkit for Multivariate Data Analysis}",
     journal	 = 	 "PoS",
     volume	 = 	 "ACAT",
     year	 = 	 "2007",
     pages	 = 	 "040",
     eprint	 = 	 "physics/0703039",
     archivePrefix	 = 	 "arXiv",
     SLACcitation	 = 	 "%%CITATION = PHYSICS/0703039;%%"
}



% MADGRAPH
%%%%%%%%%%%%%%%%%%%%%%%


@article{Alwall:2011uj,
      author         = "Alwall, Johan and Herquet, Michel and Maltoni, Fabio and
                        Mattelaer, Olivier and Stelzer, Tim",
      title          = "MadGraph 5: going beyond",
      journal        = "JHEP",
      volume         = "06",
      pages          = "128",
      doi            = "10.1007/JHEP06(2011)128",
      year           = "2011",
      eprint         = "1106.0522",
      archivePrefix  = "arXiv",
      primaryClass   = "hep-ph",
      reportNumber   = "FERMILAB-PUB-11-448-T",
      SLACcitation   = "%%CITATION = ARXIV:1106.0522;%%",
}


% POWHEG
%%%%%%%%%%%%%%%%%%%%%%%


@article{Alioli:2009je,
      author         = "Alioli, Simone and Nason, Paolo and Oleari, Carlo and Re,
                        Emanuele",
      title          = "NLO single top production matched with shower in POWHEG: s- and t-channel contributions",
      journal        = "JHEP",
      volume         = "09",
      pages          = "111",
      doi            = "10.1088/1126-6708/2009/09/111",
      note           = "[Erratum: {\it JHEP} {\bf 02} (2010) 011]",
      year           = "2009",
      eprint         = "0907.4076",
      archivePrefix  = "arXiv",
      primaryClass   = "hep-ph",
      SLACcitation   = "%%CITATION = ARXIV:0907.4076;%%",
}

@article{Nason:2004rx,
      author         = "Nason, Paolo",
      title          = "A new method for combining NLO QCD with shower Monte Carlo algorithms",
      journal        = "JHEP",
      volume         = "11",
      pages          = "040",
      doi            = "10.1088/1126-6708/2004/11/040",
      year           = "2004",
      eprint         = "hep-ph/0409146",
      archivePrefix  = "arXiv",
      primaryClass   = "hep-ph",
      reportNumber   = "BICOCCA-FT-04-11",
      SLACcitation   = "%%CITATION = HEP-PH/0409146;%%",
}

@article{Frixione:2007vw,
      author         = "Frixione, Stefano and Nason, Paolo and Oleari, Carlo",
      title          = "Matching NLO QCD computations with parton shower simulations: the POWHEG method",
      journal        = "JHEP",
      volume         = "11",
      pages          = "070",
      doi            = "10.1088/1126-6708/2007/11/070",
      year           = "2007",
      eprint         = "0709.2092",
      archivePrefix  = "arXiv",
      primaryClass   = "hep-ph",
      reportNumber   = "BICOCCA-FT-07-9, GEF-TH-21-2007",
      SLACcitation   = "%%CITATION = ARXIV:0709.2092;%%",
}

@article{Alioli:2010xd,
      author         = "Alioli, Simone and Nason, Paolo and Oleari, Carlo and Re,
                        Emanuele",
      title          = "A general framework for implementing NLO calculations in shower Monte Carlo programs: the POWHEG BOX",
      journal        = "JHEP",
      volume         = "06",
      pages          = "043",
      doi            = "10.1007/JHEP06(2010)043",
      year           = "2010",
      eprint         = "1002.2581",
      archivePrefix  = "arXiv",
      primaryClass   = "hep-ph",
      reportNumber   = "DESY-10-018, SFB-CPP-10-22, IPPP-10-11, DCPT-10-22",
      SLACcitation   = "%%CITATION = ARXIV:1002.2581;%%",
}
% TAUOLA
%%%%%%%%%%%%%%%%%%%%%%%

@article{Davidson:2010rw,
      author         = "Davidson, N. and Nanava, G. and Przedzinski, T. and
                        Richter-W\c{a}s, E. and W\c{a}s, Z.",
      title          = "Universal interface of TAUOLA: Technical and physics documentation",
      journal        = "Comput. Phys. Commun.",
      volume         = "183",
      pages          = "821",
      doi            = "10.1016/j.cpc.2011.12.009",
      year           = "2012",
      eprint         = "1002.0543",
      archivePrefix  = "arXiv",
      primaryClass   = "hep-ph",
      reportNumber   = "IFJPAN-IV-2009-10",
      SLACcitation   = "%%CITATION = ARXIV:1002.0543;%%",
}



% GENAT4
%%%%%%%%%%%%%%%%%%%%%%%
@article{Agostinelli:2002hh,
      author         = "Agostinelli, S. and others",
      title          = "GEANT4 - a simulation toolkit",
      collaboration  = "GEANT4",
      journal        = "Nucl. Instrum. Meth. A",
      volume         = "506",
      pages          = "250",
      doi            = "10.1016/S0168-9002(03)01368-8",
      year           = "2003",
      reportNumber   = "SLAC-PUB-9350, FERMILAB-PUB-03-339",
      SLACcitation   = "%%CITATION = NUIMA,A506,250;%%",
}
@article{Abdullin:2011zz,
      author         = "Abdullin, S. and Azzi, P. and Beaudette, F. and Janot, P.
                        and Perrotta, A.",
      title          = "The fast simulation of the CMS detector at LHC",
      collaboration  = "CMS",
      journal        = "J. Phys. Conf. Ser.",
      volume         = "331",
      pages          = "032049",
      doi            = "10.1088/1742-6596/331/3/032049",
      year           = "2011",
      reportNumber   = "FERMILAB-PUB-11-814-CMS",
      SLACcitation   = "%%CITATION = 00462,331,032049;%%",
}

@article{Khachatryan:2014qwa,
      author         = "Khachatryan, Vardan and others",
      title          = "Searches for electroweak production of charginos, neutralinos, and sleptons decaying to leptons and W, Z, and Higgs bosons in pp collisions at 8 TeV",
      collaboration  = "CMS",
      journal        = "Eur. Phys. J. C",
      volume         = "74",
      pages          = "3036",
      doi            = "10.1140/epjc/s10052-014-3036-7",
      year           = "2014",
      eprint         = "1405.7570",
      archivePrefix  = "arXiv",
      primaryClass   = "hep-ex",
      reportNumber   = "CMS-SUS-13-006, CERN-PH-EP-2014-098",
      SLACcitation   = "%%CITATION = ARXIV:1405.7570;%%",
}

@article{Alwall:2008ag,
      author         = "Alwall, Johan and Schuster, Philip and Toro, Natalia",
      title          = "Simplified models for a first characterization of new physics at the LHC",
      journal        = "Phys. Rev. D",
      volume         = "79",
      pages          = "075020",
      doi            = "10.1103/PhysRevD.79.075020",
      year           = "2009",
      eprint         = "0810.3921",
      archivePrefix  = "arXiv",
      primaryClass   = "hep-ph",
      reportNumber   = "SLAC-PUB-13425, SU-ITP-08-24",
      SLACcitation   = "%%CITATION = ARXIV:0810.3921;%%",
}


@article{susyPhyRes,
     note          = "https://twiki.cern.ch/twiki/bin/view/CMSPublic/PhysicsResultsSUS"
}

@article{Aad:2014yka,
      author         = "Aad, Georges and others",
      title          = "{Search for the direct production of charginos,
                        neutralinos and staus in final states with at least two
                        hadronically decaying taus and missing transverse momentum
                        in pp collisions at $\sqrt{s}$ = 8\TeV with the ATLAS
                        detector}",
      collaboration  = "ATLAS",
      journal        = "JHEP",
      volume         = "1410",
      pages          = "96",
      doi            = "10.1007/JHEP10(2014)096",
      year           = "2014",
      eprint         = "1407.0350",
      archivePrefix  = "arXiv",
      primaryClass   = "hep-ex",
      reportNumber   = "CERN-PH-EP-2014-121",
      SLACcitation   = "%%CITATION = ARXIV:1407.0350;%%",
}

@article{Chatrchyan:2012jua,
      author         = "Chatrchyan, Serguei and others",
      title          = "{Identification of b-quark jets with the CMS experiment}",
      collaboration  = "CMS",
      journal        = "JINST",
      volume         = "8",
      pages          = "P04013",
      doi            = "10.1088/1748-0221/8/04/P04013",
      year           = "2013",
      eprint         = "1211.4462",
      archivePrefix  = "arXiv",
      primaryClass   = "hep-ex",
      reportNumber   = "CMS-BTV-12-001, CERN-PH-EP-2012-262",
      SLACcitation   = "%%CITATION = ARXIV:1211.4462;%%",
}


@article{Fayet1,
      author         = "Fayet, Pierre",
      title          = "Spontaneously broken supersymmetric theories of weak,
                        electromagnetic and strong interactions",
      journal        = "Phys. Lett. B",
      volume         = "69",
      pages          = "489",
      doi            = "10.1016/0370-2693(77)90852-8",
      year           = "1977",
      reportNumber   = "LPTENS 77/11",
      SLACcitation   = "%%CITATION = PHLTA,B69,489;%%",
}
@article{Fayet2,
      author         = "Farrar, Glennys R. and Fayet, Pierre",
      title          = "Phenomenology of the production, decay, and detection of
                        new hadronic states associated with supersymmetry",
      journal        = "Phys. Lett. B",
      volume         = "76",
      pages          = "575",
      doi            = "10.1016/0370-2693(78)90858-4",
      year           = "1978",
      reportNumber   = "CALT-68-648",
      SLACcitation   = "%%CITATION = PHLTA,B76,575;%%",
}

%======= following from Konstatin Matchev

%%%%%%%%% THE ORIGINAL PAPERS ON SUPERSYMMETRY %%%%%%%%%%%%%%%

@article{Golfand:1971iw,
      author         = "Golfand, {\relax Yu}. A. and Likhtman, E. P.",
      title          = "Extension of the algebra of Poincare group generators and violation of p invariance",
      journal        = "JETP. Lett.",
      volume         = "13",
      year           = "1971",
      pages          = "323-326",
      SLACcitation   = "%%CITATION = JTPLA,13,323;%%"
}

@article{Wess:1973kz,
      author         = "Wess, J. and Zumino, B.",
      title          = "A Lagrangian model invariant under supergauge
                        transformations",
      journal        = "Phys. Lett. B",
      volume         = "49",
      pages          = "52",
      doi            = "10.1016/0370-2693(74)90578-4",
      year           = "1974",
      reportNumber   = "CERN-TH-1794",
      SLACcitation   = "%%CITATION = PHLTA,B49,52;%%",
}

@article{Wess:1974tw,
      author         = "Wess, J. and Zumino, B.",
      title          = "Supergauge transformations in four-dimensions",
      journal        = "Nucl. Phys. B",
      volume         = "70",
      pages          = "39",
      doi            = "10.1016/0550-3213(74)90355-1",
      year           = "1974",
      SLACcitation   = "%%CITATION = NUPHA,B70,39;%%",
}



@article{Chatrchyan:2012paa,
      author         = "Chatrchyan, Serguei and others",
      title          = "{Search for new physics in events with same-sign
                        dileptons and b jets in pp collisions at $\sqrt{s}$ = 8\TeV}",
      collaboration  = "CMS",
      journal        = "JHEP",
      volume         = "03",
      year           = "2013",
      pages          = "037",
      doi            = "10.1007/JHEP03(2013)037, 10.1007/JHEP07(2013)041",
      note           = "[Erratum: {\it JHEP} {\bf 07} (2013) 041]",
      eprint         = "1212.6194",
      archivePrefix  = "arXiv",
      primaryClass   = "hep-ex",
      reportNumber   = "CMS-SUS-12-017, CERN-PH-EP-2012-361",
      SLACcitation   = "%%CITATION = ARXIV:1212.6194;%%"
}


@article{Khachatryan:2015lwa,
      author         = "Khachatryan, Vardan and others",
      title          = "{Search for Physics Beyond the Standard Model in Events
                        with Two Leptons, Jets, and Missing Transverse Momentum in
                        pp Collisions at $\sqrt{s}$ = 8 TeV}",
      collaboration  = "CMS",
      journal        = "JHEP",
      volume         = "04",
      year           = "2015",
      pages          = "124",
      doi            = "10.1007/JHEP04(2015)124",
      eprint         = "1502.06031",
      archivePrefix  = "arXiv",
      primaryClass   = "hep-ex",
      reportNumber   = "CMS-SUS-14-014, CERN-PH-EP-2015-033",
      SLACcitation   = "%%CITATION = ARXIV:1502.06031;%%"
}


@article{Chatrchyan:2012ira,
      author         = "Chatrchyan, Serguei and others",
      title          = "{Search for new physics with same-sign isolated dilepton
                        events with jets and missing transverse energy}",
      collaboration  = "CMS",
      journal        = "Phys. Rev. Lett.",
      volume         = "109",
      year           = "2012",
      pages          = "071803",
      doi            = "10.1103/PhysRevLett.109.071803",
      eprint         = "1205.6615",
      archivePrefix  = "arXiv",
      primaryClass   = "hep-ex",
      reportNumber   = "CMS-SUS-11-010, CERN-PH-EP-2012-159",
      SLACcitation   = "%%CITATION = ARXIV:1205.6615;%%"
}

@article{Chatrchyan:2014lfa,
      author         = "Chatrchyan, Serguei and others",
      title          = "{Search for new physics in the multijet and missing
                        transverse momentum final state in proton-proton
                        collisions at $\sqrt{s}$= 8 TeV}",
      collaboration  = "CMS",
      journal        = "JHEP",
      volume         = "06",
      year           = "2014",
      pages          = "055",
      doi            = "10.1007/JHEP06(2014)055",
      eprint         = "1402.4770",
      archivePrefix  = "arXiv",
      primaryClass   = "hep-ex",
      reportNumber   = "CMS-SUS-13-012, CERN-PH-EP-2014-015",
      SLACcitation   = "%%CITATION = ARXIV:1402.4770;%%"
}

@article{Chatrchyan:2012ola,
      author         = "Chatrchyan, Serguei and others",
      title          = "{Search for supersymmetry in pp collisions at
                        $\sqrt{s}$ = 7\TeV in events with a single lepton, jets, and
                        missing transverse momentum}",
      collaboration  = "CMS",
      journal        = "Eur. Phys. J. C",
      volume         = "73",
      pages          = "2404",
      doi            = "10.1140/epjc/s10052-013-2404-z",
      year           = "2013",
      eprint         = "1212.6428",
      archivePrefix  = "arXiv",
      primaryClass   = "hep-ex",
      reportNumber   = "CMS-SUS-12-010, CERN-PH-EP-2012-348",
      SLACcitation   = "%%CITATION = ARXIV:1212.6428;%%",
}

@article{Aad:2015pfx,
      author         = "Aad, Georges and others",
      title          = "{ATLAS Run 1 searches for direct pair production of
                        third-generation squarks at the Large Hadron Collider}",
      collaboration  = "ATLAS",
      journal        = "Eur. Phys. J. C",
      volume         = "75",
      year           = "2015",
      pages          = "510",
      doi            = "10.1140/epjc/s10052-015-3726-9",
      eprint         = "1506.08616",
      archivePrefix  = "arXiv",
      primaryClass   = "hep-ex",
      reportNumber   = "CERN-PH-EP-2015-138",
      SLACcitation   = "%%CITATION = ARXIV:1506.08616;%%"
}

@article{Aad:2015iea,
      author         = "Aad, Georges and others",
      title          = "Summary of the searches for squarks and gluinos using $\sqrt{s}$ = 8\TeV pp collisions with the ATLAS experiment at the LHC",
      collaboration  = "ATLAS",
      journal        = "JHEP",
      volume         = "10",
      year           = "2015",
      pages          = "054",
      doi            = "10.1007/JHEP10(2015)054",
      eprint         = "1507.05525",
      archivePrefix  = "arXiv",
      primaryClass   = "hep-ex",
      reportNumber   = "CERN-PH-EP-2015-162",
      SLACcitation   = "%%CITATION = ARXIV:1507.05525;%%"
}


@article{Aad:2014vma,
      author         = "Aad, Georges and others",
      title          = "Search for direct production of charginos, neutralinos and sleptons in final states with two leptons and missing transverse momentum in pp collisions at $\sqrt{s}$ = 8\TeV with the ATLAS detector",
      collaboration  = "ATLAS",
      journal        = "JHEP",
      volume         = "05",
      year           = "2014",
      pages          = "071",
      doi            = "10.1007/JHEP05(2014)071",
      eprint         = "1403.5294",
      archivePrefix  = "arXiv",
      primaryClass   = "hep-ex",
      reportNumber   = "CERN-PH-EP-2014-037",
      SLACcitation   = "%%CITATION = ARXIV:1403.5294;%%"
}
@article{Aad:2014nua,
      author         = "Aad, Georges and others",
      title          = "Search for direct production of charginos and neutralinos in events with three leptons and missing transverse momentum in $\sqrt{s} =$ 8\TeV pp collisions with the ATLAS detector",
      collaboration  = "ATLAS",
      journal        = "JHEP",
      volume         = "04",
      year           = "2014",
      pages          = "169",
      doi            = "10.1007/JHEP04(2014)169",
      eprint         = "1402.7029",
      archivePrefix  = "arXiv",
      primaryClass   = "hep-ex",
      reportNumber   = "CERN-PH-EP-2014-019",
      SLACcitation   = "%%CITATION = ARXIV:1402.7029;%%"
}


@article{Khachatryan:2015exa,
      author         = "Khachatryan, Vardan and others",
      title          = "Search for supersymmetry with photons in pp collisions at $\sqrt{s}$=8\TeV",
      collaboration  = "CMS",
      journal        = "Phys. Rev. D",
      volume         = "92",
      year           = "2015",
      pages          = "072006",
      doi            = "10.1103/PhysRevD.92.072006",
      eprint         = "1507.02898",
      archivePrefix  = "arXiv",
      primaryClass   = "hep-ex",
      reportNumber   = "CMS-SUS-14-004, CERN-PH-EP-2015-129",
      SLACcitation   = "%%CITATION = ARXIV:1507.02898;%%"
}

@article{Chatrchyan:2013xsw,
      author         = "Chatrchyan, Serguei and others",
      title          = "Search for top squarks in R-parity violating supersymmetry using three or more leptons and b-tagged jets",
      collaboration  = "CMS",
      journal        = "Phys. Rev. Lett.",
      volume         = "111",
      pages          = "221801",
      doi            = "10.1103/PhysRevLett.111.221801",
      year           = "2013",
      eprint         = "1306.6643",
      archivePrefix  = "arXiv",
      primaryClass   = "hep-ex",
      reportNumber   = "CMS-SUS-13-003, CERN-PH-EP-2013-093",
      SLACcitation   = "%%CITATION = ARXIV:1306.6643;%%",
}

@article{Chatrchyan:2013wxa,
      author         = "Chatrchyan, Serguei and others",
      title          = "Search for gluino mediated bottom- and top-squark production in multijet final states in pp collisions at 8\TeV",
      collaboration  = "CMS",
      journal        = "Phys. Lett. B",
      volume         = "725",
      pages          = "243",
      doi            = "10.1016/j.physletb.2013.06.058",
      year           = "2013",
      eprint         = "1305.2390",
      archivePrefix  = "arXiv",
      primaryClass   = "hep-ex",
      reportNumber   = "CMS-SUS-12-024, CERN-PH-EP-2013-076",
      SLACcitation   = "%%CITATION = ARXIV:1305.2390;%%",
}

@article{Chatrchyan:2012qka,
      author         = "Chatrchyan, Serguei and others",
      title          = "Search for physics beyond the standard model in events with a $Z$ boson, jets, and missing transverse energy in pp collisions at $\sqrt{s}$ = 7\TeV",
      collaboration  = "CMS",
      journal        = "Phys. Lett. B",
      volume         = "716",
      year           = "2012",
      pages          = "260",
      doi            = "10.1016/j.physletb.2012.08.026",
      eprint         = "1204.3774",
      archivePrefix  = "arXiv",
      primaryClass   = "hep-ex",
      reportNumber   = "CMS-SUS-11-021, CERN-PH-EP-2012-029",
      SLACcitation   = "%%CITATION = ARXIV:1204.3774;%%"
}


@article{Chatrchyan:2014aea,
      author         = "Chatrchyan, Serguei and others",
      title          = "Search for anomalous production of events with three or more leptons in pp collisions at $\sqrt{s} =$ 8\TeV",
      collaboration  = "CMS",
      journal        = "Phys. Rev. D",
      volume         = "90",
      year           = "2014",
      pages          = "032006",
      doi            = "10.1103/PhysRevD.90.032006",
      eprint         = "1404.5801",
      archivePrefix  = "arXiv",
      primaryClass   = "hep-ex",
      reportNumber   = "CMS-SUS-13-002, CERN-PH-EP-2014-039",
      SLACcitation   = "%%CITATION = ARXIV:1404.5801;%%"
}


@article{Chatrchyan:2013xna,
      author         = "Chatrchyan, Serguei and others",
      title          = "Search for top-squark pair production in the single lepton final state in pp collisions at $\sqrt{s}$ = 8\TeV",
      collaboration  = "CMS",
      journal        = "Eur. Phys. J. C",
      volume         = "73",
      year           = "2013",
      pages          = "2677",
      doi            = "10.1140/epjc/s10052-013-2677-2",
      eprint         = "1308.1586",
      archivePrefix  = "arXiv",
      primaryClass   = "hep-ex",
      reportNumber   = "CMS-SUS-13-011, CERN-PH-EP-2013-148",
      SLACcitation   = "%%CITATION = ARXIV:1308.1586;%%"
}

@article{Chatrchyan:2013fea,
      author         = "Chatrchyan, Serguei and others",
      title          = "Search for new physics in events with same--sign dileptons and jets in pp collisions at $\sqrt{s}$ = 8\TeV",
      collaboration  = "CMS",
      journal        = "JHEP",
      volume         = "01",
      year           = "2014",
      pages          = "163",
      doi            = "10.1007/JHEP01(2015)014, 10.1007/JHEP01(2014)163",
      note           = "[Erratum: {\it JHEP} {\bf 01} (2015) 014]",
      eprint         = "1311.6736",
      archivePrefix  = "arXiv",
      reportNumber   = "CERN-PH-EP-2013-213",
      SLACcitation   = "%%CITATION = ARXIV:1311.6736;%%"
}


@article{Chatrchyan:2011ds,
      author         = "Chatrchyan, Serguei and others",
      title          = "Determination of jet energy calibration and transverse momentum resolution in CMS",
      collaboration  = "CMS",
      journal        = "JINST",
      volume         = "6",
      pages          = "P11002",
      doi            = "10.1088/1748-0221/6/11/P11002",
      year           = "2011",
      eprint         = "1107.4277",
      archivePrefix  = "arXiv",
      primaryClass   = "physics.ins-det",
      reportNumber   = "CERN-PH-EP-2011-102, CMS-JME-10-011",
      SLACcitation   = "%%CITATION = ARXIV:1107.4277;%%",
}


@article{Khachatryan:2015kxa,
      author         = "Khachatryan, Vardan and others",
      title          = "Search for supersymmetry in the vector boson fusion topology in proton-proton collisions at $\sqrt{s}$ = 8\TeV",
      collaboration  = "CMS",
      journal        = "JHEP",
      volume         = "11",
      year           = "2015",
      pages          = "189",
      doi            = "10.1007/JHEP11(2015)189",
      eprint         = "1508.07628",
      archivePrefix  = "arXiv",
      primaryClass   = "hep-ex",
      reportNumber   = "CMS-SUS-14-005, CERN-PH-EP-2015-213",
      SLACcitation   = "%%CITATION = ARXIV:1508.07628;%%"
}









@article{Cacciari:2007fd,
      author         = "Cacciari, Matteo and Salam, Gavin P.",
      title          = "Pileup subtraction using jet areas",
      journal        = "Phys. Lett. B",
      volume         = "659",
      year           = "2008",
      pages          = "119",
      doi            = "10.1016/j.physletb.2007.09.077",
      eprint         = "0707.1378",
      archivePrefix  = "arXiv",
      primaryClass   = "hep-ph",
      reportNumber   = "LPTHE-07-01",
      SLACcitation   = "%%CITATION = ARXIV:0707.1378;%%"
}


@article{Campbell:2011bn,
      author         = "Campbell, John M. and Ellis, R. Keith and Williams,
                        Ciaran",
      title          = "Vector boson pair production at the LHC",
      journal        = "JHEP",
      volume         = "07",
      pages          = "018",
      doi            = "10.1007/JHEP07(2011)018",
      year           = "2011",
}


@article{xsec_WZ,
      author         = "Gavin, Ryan and Li, Ye and Petriello, Frank and
                        Quackenbush, Seth",
      title          = "W physics at the LHC with FEWZ 2.1",
      journal        = "Comput. Phys. Commun.",
      volume         = "184",
      pages          = "208",
      doi            = "10.1016/j.cpc.2012.09.005",
      year           = "2013",
      eprint         = "1201.5896",
      archivePrefix  = "arXiv",
      primaryClass   = "hep-ph",
      reportNumber   = "ANL-HEP-PR-11-83, NUHEP-TH-12-01, PSI-PR-12-01",
      SLACcitation   = "%%CITATION = ARXIV:1201.5896;%%",
}% ===== References for NLO+NLL EWKino cross sections  ========
@article{Fuks:2012qx,
      author         = "Fuks, Benjamin and Klasen, Michael and Lamprea, David R.
                        and Rothering, Marcel",
      title          = "Gaugino production in proton-proton collisions at a center-of-mass energy of 8\TeV",
      journal        = "JHEP",
      volume         = "10",
      pages          = "081",
      doi            = "10.1007/JHEP10(2012)081",
      year           = "2012",
      eprint         = "1207.2159",
      archivePrefix  = "arXiv",
      primaryClass   = "hep-ph",
      reportNumber   = "IPHC-PHENO-12-07, MS-TP-12-05",
      SLACcitation   = "%%CITATION = ARXIV:1207.2159;%%",
}

@article{Fuks:2013vua,
      author         = "Fuks, Benjamin and Klasen, Michael and Lamprea, David R. and Rothering, Marcel",
      title          = "Precision predictions for electroweak superpartner production at hadron colliders with {\sc Resummino}",
      journal        = "Eur. Phys. J. C",
      volume         = "73",
      pages          = "2480",
      doi            = "10.1140/epjc/s10052-013-2480-0",
      year           = "2013",
      eprint         = "1304.0790",
      archivePrefix  = "arXiv",
      primaryClass   = "hep-ph",
      reportNumber   = "CERN-PH-TH-2013-064, IPHC-PHENO-13-02, MS-TP-13-06",
      SLACcitation   = "%%CITATION = ARXIV:1304.0790;%%",
}

@article{Fuks:2013lya,
      author         = "Fuks, Benjamin and Klasen, Michael and Lamprea, David R.
                        and Rothering, Marcel",
      title          = "{Revisiting slepton pair production at the Large Hadron
                        Collider}",
      journal =  "JHEP",
      volume = "01",
      pages = "168",
      year           = "2014",
      doi = {10.1007/JHEP01(2014)168},
      eprint         = "1310.2621",
      archivePrefix  = "arXiv",
      primaryClass   = "hep-ph",
      reportNumber   = "CERN-PH-TH-2013-240, MS-TP-13-35",
      SLACcitation   = "%%CITATION = ARXIV:1310.2621;%%",
}




@article{Campbell:2012uf,
      author         = "Campbell, John M. and Ellis, R. Keith",
      title          = "Top-quark processes at NLO in production and decay",
      journal        = "J. Phys. G",
      volume         = "42",
      year           = "2015",
      pages          = "015005",
      doi            = "10.1088/0954-3899/42/1/015005",
      eprint         = "1204.1513",
      archivePrefix  = "arXiv",
      primaryClass   = "hep-ph",
      reportNumber   = "FERMILAB-PUB-12-078-T",
      SLACcitation   = "%%CITATION = ARXIV:1204.1513;%%"
}

//NNLO top Xsec
@article{Czakon:2013goa,
      author         = "Czakon, Michał and Fiedler, Paul and Mitov, Alexander",
      title          = "Total top-quark pair production cross section at hadron colliders through $O(α\frac{4}{S})$",
      journal        = "Phys. Rev. Lett.",
      volume         = "110",
      year           = "2013",
      pages          = "252004",
      doi            = "10.1103/PhysRevLett.110.252004",
      eprint         = "1303.6254",
      archivePrefix  = "arXiv",
      primaryClass   = "hep-ph",
      reportNumber   = "CERN-PH-TH-2013-056, TTK-13-08",
      SLACcitation   = "%%CITATION = ARXIV:1303.6254;%%"
}


@UNPUBLISHED{lepsusy,
author = "{LEP SUSY Working Group (ALEPH, DELPHI, L3, OPAL)}", 
NOTE     = "{Notes LEPSUSYWG/04-01.1}",
year     = "2004",
URL       = "http://lepsusy.web.cern.ch/lepsusy/Welcome.html"
}


@article{Antchev:2011vs,
      author         = "Antchev, G. and others",
      title          = "First measurement of the total proton-proton cross section at the LHC energy of $\sqrt{s}$ = 7\TeV",
      journal        = "Europhys. Lett.",
      volume         = "96",
      year           = "2011",
      pages          = "21002",
      doi            = "10.1209/0295-5075/96/21002",
      eprint         = "1110.1395",
      archivePrefix  = "arXiv",
      primaryClass   = "hep-ex",
      reportNumber   = "CERN-PH-EP-2011-158, 24-SEPTEMBER-2011",
      SLACcitation   = "%%CITATION = ARXIV:1110.1395;%%"
}

@article{Aad:2015zhl,
      author         = "Aad, Georges and others",
      title          = "Combined measurement of the Higgs boson mass in pp collisions at $\sqrt{s}$ = 7 and 8\TeV with the ATLAS and CMS experiments",
      booktitle      = "{Proceedings, Meeting of the APS Division of Particles
                        and Fields (DPF 2015)}",
      collaboration  = "ATLAS, CMS",
      journal        = "Phys. Rev. Lett.",
      volume         = "114",
      year           = "2015",
      pages          = "191803",
      doi            = "10.1103/PhysRevLett.114.191803",
      eprint         = "1503.07589",
      archivePrefix  = "arXiv",
      primaryClass   = "hep-ex",
      reportNumber   = "ATLAS-HIGG-2014-14, CMS-HIG-14-042, CERN-PH-EP-2015-075",
      SLACcitation   = "%%CITATION = ARXIV:1503.07589;%%"
}

@article{Khachatryan:2015hba,
      author         = "Khachatryan, Vardan and others",
      title          = "Measurement of the top quark mass using proton-proton data at $\sqrt{s}$ = 7 and 8\TeV",
      collaboration  = "CMS",
      journal        = "Phys. Rev. D",
      volume         = "93",
      year           = "2016",
      pages          = "072004",
      doi            = "10.1103/PhysRevD.93.072004",
      eprint         = "1509.04044",
      archivePrefix  = "arXiv",
      primaryClass   = "hep-ex",
      reportNumber   = "CMS-TOP-14-022, CERN-PH-EP-2015-234",
      SLACcitation   = "%%CITATION = ARXIV:1509.04044;%%"
}

@article{Nadolsky:2008zw,
      author         = "Nadolsky, Pavel M. and Lai, Hung-Liang and Cao, Qing-Hong
                        and Huston, Joey and Pumplin, Jon and Stump, Daniel and
                        Tung, Wu-Ki and Yuan, C. -P.",
      title          = "Implications of CTEQ global analysis for collider observables",
      journal        = "Phys. Rev. D",
      volume         = "78",
      year           = "2008",
      pages          = "013004",
      doi            = "10.1103/PhysRevD.78.013004",
      eprint         = "0802.0007",
      archivePrefix  = "arXiv",
      primaryClass   = "hep-ph",
      reportNumber   = "MSUHEP-080125, UCRHEP-T447",
      SLACcitation   = "%%CITATION = ARXIV:0802.0007;%%"
}

@article{Chatrchyan:2014mua,
      author         = "Chatrchyan, Serguei and others",
      title          = "Measurement of inclusive W and Z boson production cross sections in pp collisions at $\sqrt{s}$ = 8\TeV",
      collaboration  = "CMS",
      journal        = "Phys. Rev. Lett.",
      volume         = "112",
      year           = "2014",
      pages          = "191802",
      doi            = "10.1103/PhysRevLett.112.191802",
      eprint         = "1402.0923",
      archivePrefix  = "arXiv",
      primaryClass   = "hep-ex",
      reportNumber   = "CMS-SMP-12-011, CERN-PH-EP-2013-217",
      SLACcitation   = "%%CITATION = ARXIV:1402.0923;%%"
}

@article{Junk:1999kv,
      author         = "Junk, Thomas",
      title          = "Confidence level computation for combining searches with small statistics",
      journal        = "Nucl. Instrum. Meth. A",
      volume         = "434",
      year           = "1999",
      pages          = "435-443",
      doi            = "10.1016/S0168-9002(99)00498-2",
      eprint         = "hep-ex/9902006",
      archivePrefix  = "arXiv",
      primaryClass   = "hep-ex",
      reportNumber   = "CARLETON-OPAL-PHYS-99-01, CERN-EP-99-041",
      SLACcitation   = "%%CITATION = HEP-EX/9902006;%%"
}

@unpublished{ATLAS:2011tau,
      title          = "Procedure for the LHC Higgs boson search combination in summer 2011",
      collaboration  = "ATLAS",
      year           = "2011",
      reportNumber   = "ATL-PHYS-PUB-2011-011, ATL-COM-PHYS-2011-818,
                        CMS-NOTE-2011-005",
      SLACcitation   = "%%CITATION = ATL-PHYS-PUB-2011-011;%%"
}

@unpublished{pdf4lhc,
      author         = "Botje, Michiel and others",
      title          = "{The PDF4LHC Working Group Interim Recommendations}",
      year           = "2011",
      eprint         = "1101.0538",
      archivePrefix  = "arXiv",
      primaryClass   = "hep-ph",
      SLACcitation   = "%%CITATION = ARXIV:1101.0538;%%"
}
